@BOOK{Smith:2012qr,
   title = {Book Title},
   publisher = {Publisher},
   author = {Smith, J.~M. and Jones, A.~B.},
   year = {2012},
   edition = {7th},
}